% These are my references listed alphabetically by title.


@book{Bezemer2001,
    title={And so Forth},
    author={J.L. Bezemer},
    isbn={},
    year={2001},
    publisher={}
    % https://win32forth.sourceforge.net/doc/Forth_Primer.pdf
}
@book{Noble,
    title={A Beginner's Guide to Forth},
    author={J.V. Noble},
    isbn={},
    year={},
    publisher={}
    % http://galileo.phys.virginia.edu/classes/551.jvn.fall01/primer.htm
}
@book{Koopman1989,
    title = {Stack Computers the New Wave},
    author = {Philip J. Koopman, Jr.},
    isbn = {0745804187},
    year = {1989},
    publisher = {Ellis Horwood Limited},
    keywords = {computers, forth}
}
@book{Brodie1981,
    title={Starting FORTH},
    author={Leo Brodie},
    isbn={0138429227},
    year={1981},
    publisher={Prentice-Hall, Inc}
}
@book{Winfield1983,
    title={The Complete Forth},
    author={Alan Winfield},
    isbn={0-905104-22-6},
    year={1983},
    publisher={Sigma Technical Press}
    % https://archive.org/details/winfield_alan_the_complete_forth
}
@book{Brodie1984,
    title={Thinking Forth},
    author={Leo Brodie},
    isbn={978-0976458708},
    year={1984},
    publisher={Punchy Publishing}
    % https://archive.org/details/thinkingforthlan00brod
}
@book{Loeliger1981,
    title = {Threaded Interpretive Languages},
    author = {R. G. Loeliger},
    isbn = {007038360x},
    year = {1981},
    publisher = {BYTE Publications}
}
@book{Brown1982,
    title={Welcome to Forth},
    author={J.W. Brown},
    isbn={},
    year={1982},
    publisher={HCCS Associates}
    % https://archive.org/details/brown_j_w_welcome_forth
}
@book{ForthSTD2012,
    title={Forth 2012 Standard rc2},
    author={},
    isbn={},
    year={},
    publisher={}
    % https://ia800108.us.archive.org/17/items/forth_2012_rc2/forth_2012_rc2.pdf
}
@book{Terry1986,
    title={Library of Forth Routines and Utilities},
    author={James D. Terry},
    isbn={9780452258419},
    year={1986},
    publisher={Shadowlawn Press}
    % https://archive.org/details/libraryofforthro00terr#maincontent
}
@book{Moore2011,
    title={Programming a Problem-Oriented Language},
    author={Charles H. Moore},
    isbn={ â€Ž 978-1983362569},
    year={2011},
    publisher={ Independently published (July 14, 2018)}
    % https://drive.google.com/file/d/1k3RaODY7OAxsx5C7qUHYC1_4sACYjAD-/view?pli=1
}
@book{Moore1974,
    title={Forth: A New Way to Program a Mini-Computer},
    author={Charles H. Moore},
    isbn={},
    year={1974},
    publisher={}
    % https://drive.google.com/file/d/1k3A3A9PRzRMuNIoJg1hsRzacgMevJ6Ih/view
}
@book{Hogan1982,
    title={Discover Forth},
    author={Thom Hogan},
    isbn={0-931988-79-9},
    year={1982},
    publisher={}
    % https://ia803108.us.archive.org/6/items/hogan_thom_discover_forth_learning_and_programming_the_forth/hogan_thom_discover_forth_learning_and_programming_the_forth.pdf
}
@book{BrownWelcome,
    title={Welcome Forth, ( for the BBC micro)},
    author={JW. Brown},
    isbn={},
    year={},
    publisher={}
    % https://ia801000.us.archive.org/8/items/brown_j_w_welcome_forth/brown_j_w_welcome_forth.pdf
}
@book{Benson1985,
    title={Fundamental Forth},
    author={Richard Benson},
    isbn={},
    year={1985},
    publisher={}
    % https://ia601003.us.archive.org/32/items/olney_richard_benson_michael_fundamental_forth/olney_richard_benson_michael_fundamental_forth.pdf
}
@book{Ekkehard,
    title={FORTH on the Atari : learning by using},
    author={Floegel, Ekkehard},
    isbn={},
    year={},
    publisher={}
    % https://ia801401.us.archive.org/33/items/ataribooks-forth-on-the-atari-learning-by-using/forthontheatarilearningbyusing.pdf
}
@book{Hendtlass,
    title={Real_time_forth},
    author={Tim Hendtlass},
    isbn={},
    year={},
    publisher={}
    % https://ia803107.us.archive.org/33/items/hendtlass_tim_real_time_forth/hendtlass_tim_real_time_forth.pdf
}
@book{Oakey,
    title={Forth for Micros},
    author={Steve Oakey},
    isbn={},
    year={},
    publisher={}
    % https://ia803105.us.archive.org/20/items/oakey_steve_forth_for_micros/oakey_steve_forth_for_micros.pdf
}
%@book{,
%    title={},
%    author={},
%    isbn={},
%    year={},
%    publisher={}
%}

% Great list of books, which are included in this page:
% https://www.forth2020.org/books-on-forth



% Below is a series of examples. These are referenced in the template chapter

@book{example1999,
    title = {The Great Book of Examples},
    author = {Mr. Example McZampleface},
    isbn = {0123456789},
    year = {1999},
    publisher = {Place Holder Publishing}
}


% https://www.jimbrooks.org/archive/programming/forth/FIG-FORTH_internals.php#IMMEDIATE_words
% This page has great notes on the internal workings of Forth.
